@IEEEtranBSTCTL{IEEEexample:BSTcontrol,
CTLdash_repeated_names = "no"
}

@inproceedings{resnet,
      title = {{Deep Residual Learning for Image Recognition}},
     author = {He, Kaiming and Zhang, Xiangyu and Ren, Shaoqing and Sun, Jian},
  booktitle = {{2016 IEEE Conference on Computer Vision and Pattern Recognition (CVPR)}},
      pages = {770--778},
       year = {2016},
      month = {6},
  publisher = {{Institute of Electrical and Electronics Engineers (IEEE)}},
        doi = {10.1109/cvpr.2016.90}
}

@inproceedings{he2019resnet-d,
      title = {{Bag of Tricks for Image Classification with Convolutional Neural Networks}},
     author = {He, Tong and Zhang, Zhi and Zhang, Hang and Zhang, Zhongyue and Xie, Junyuan and Li, Mu},
  booktitle = {{Proceedings of the IEEE/CVF Conference on Computer Vision and Pattern Recognition}},
        doi = {10.1109/cvpr.2019.00065},
      pages = {558--567},
       year = {2019},
      month = {6},
  publisher = {{Institute of Electrical and Electronics Engineers (IEEE)}}
}
